%%% Ejemplo de diferentes tipos de referencias blibliograficas

@electronic{carwow-autonomous,
  howpublished = {\url{https://www.carwow.es/coches-autonomos#gref}},
  author       = {Carwow},
  title        = {Coches Autónomos: Todo lo que Necesitas Saber},
  year         = {2025}
}

@electronic{autobild-autonomous,
  howpublished = {\url{https://www.autobild.es/practicos/coche-autonomo-seis-niveles-conduccion-cuales-son-como-funcionan-cuando-llegaran-490005}},
  author       = {Noelia López},
  title        = {Coche Autónomo: Seis Niveles de Conducción. ¿Cuáles Son, Cómo Funcionan y Cuándo Llegarán?},
  year         = {2019},  
  month        = {08},     
}

@electronic{tesla-autopilot,
  howpublished = {\url{https://www.tesla.com/es_es/support/autopilot}},
  author       = {Tesla},
  title        = {Autopilot},
  year         = {2023},
}

@electronic{challenges-autonomous,
  howpublished = {\url{https://www.sciencedirect.com/science/article/pii/S2352146518302606?via%3Dihub}},
  author       = {M. Martínez-Díaz, Francesc Soriguera},
  title        = {Autonomous vehicles: theoretical and practical challenges},
  year         = {2018},   
}

@electronic{history-vehicles,  
  howpublished = {\url{https://upcommons.upc.edu/bitstream/handle/2117/339711/tfm-j.claramonte-pasado-presente-y-futuro-del-coche-aut-nomo.pdf}},  
  author       = {J. Claramonte},  
  title        = {Pasado, presente y futuro del coche autónomo},  
  year         = {2020},  
}  

@electronic{ai-self-driving-cars,
  howpublished = {\url{https://www.appventurez.com/blog/ai-in-self-driving-cars}},
  author       = {Appventurez},
  title        = {AI in Self-Driving Cars},
  year         = {2023},
}

@misc{supervised-learning,
  howpublished = {\url{https://www.ibm.com/es-es/topics/supervised-learning}},
  author       = {IBM},
  title        = {¿Qué es el aprendizaje supervisado?},
  year         = {2023},
}

@misc{no-supervised-learning,
  howpublished = {\url{https://www.inesdi.com/blog/que-es-aprendizaje-no-supervisado/}},
  author       = {Indesdi},
  title        = {¿Qué es el aprendizaje no supervisado y cuándo usarlo?},
  year         = {2022},
  month        = {11},
  day          = {02}
}

@misc{end2end-learning,
  howpublished = {\url{https://andresfelipeocampo.medium.com/y-qu%C3%A9-es-el-end-to-end-learning-98c396bbc62a}},
  author       = {Andrés Felipe Ocampo},
  title        = {Y Qué es el End to End Learning},
  year         = {2023},
  month        = {11},
  day          = {25}
}

@misc{imitation-learning,
  howpublished = {\url{https://medium.com/@martin.jurado.p/aprendizaje-por-refuerzo-y-aprendizaje-por-imitaci%C3%B3n-ceba692a561a#:~:text=Conducci%C3%B3n%20Aut%C3%B3noma%3A%20En%20la%20conducci%C3%B3n,variedad%20de%20situaciones%20de%20tr%C3%A1fico}},
  author       = {Martín Jurado Pedroza},
  title        = {¿Qué es el Aprendizaje por Refuerzo y Aprendizaje por Imitación, y su Importancia con la Nueva IA?},
  year         = {2024},
  month        = {07},
  day          = {04}
}

@misc{rl,
  howpublished = {\url{https://www.aprendemachinelearning.com/aprendizaje-por-refuerzo/}},
  author       = {Na8},
  title        = {Aprendizaje por Refuerzo},
  year         = {2020},
  month        = {12},
  day          = {24}
}